<?xml version="1.0" encoding="UTF-8"?><record xmlns="http://www.loc.gov/MARC21/slim" xmlns:cinclude="http://apache.org/cocoon/include/1.0" xmlns:zs="http://www.loc.gov/zing/srw/">
  <leader>01120cz  a2200193n  4500</leader>
  <controlfield tag="001">no2002008534</controlfield>
  <controlfield tag="003">DLC</controlfield>
  <controlfield tag="005">20131026073826.0</controlfield>
  <controlfield tag="008">020201n| azannaabn          |a ana     c</controlfield>
  <datafield tag="010" ind1=" " ind2=" ">
    <subfield code="a">no2002008534</subfield>
  </datafield>
  <datafield tag="035" ind1=" " ind2=" ">
    <subfield code="a">(OCoLC)oca05680937</subfield>
  </datafield>
  <datafield tag="040" ind1=" " ind2=" ">
    <subfield code="a">OrU</subfield>
    <subfield code="b">eng</subfield>
    <subfield code="e">rda</subfield>
    <subfield code="c">OrU</subfield>
    <subfield code="d">OrU</subfield>
  </datafield>
  <datafield tag="110" ind1="2" ind2=" ">
    <subfield code="a">University of Oregon.</subfield>
    <subfield code="b">Libraries.</subfield>
    <subfield code="b">Division of Special Collections &amp; University Archives</subfield>
  </datafield>
  <datafield tag="410" ind1="2" ind2=" ">
    <subfield code="a">University of Oregon.</subfield>
    <subfield code="b">University Archives (1996-  )</subfield>
  </datafield>
  <datafield tag="510" ind1="2" ind2=" ">
    <subfield code="w">a</subfield>
    <subfield code="a">University of Oregon.</subfield>
    <subfield code="b">Library System.</subfield>
    <subfield code="b">Division of Special Collections &amp; University Archives</subfield>
  </datafield>
  <datafield tag="510" ind1="2" ind2=" ">
    <subfield code="w">b</subfield>
    <subfield code="a">University of Oregon.</subfield>
    <subfield code="b">Libraries.</subfield>
    <subfield code="b">Special Collections &amp; University Archives</subfield>
  </datafield>
  <datafield tag="670" ind1=" " ind2=" ">
    <subfield code="a">Phone call to director, Jan. 31, 2002</subfield>
    <subfield code="b">(current name is University of Oregon Libraries. Division of Special Collections &amp; University Archives)</subfield>
  </datafield>
  <datafield tag="670" ind1=" " ind2=" ">
    <subfield code="a">University of Oregon Archives Home page, Feb. 25, 2002</subfield>
    <subfield code="b">(University Archives)</subfield>
  </datafield>
  <datafield tag="675" ind1=" " ind2=" ">
    <subfield code="a">The labor project dedicated to the preservation of labor and working-class in the Pacific Northwest, viewed Nov. 12, 2003: home page title (Special Collections &amp; University Archives, University of Oregon Libraries)</subfield>
  </datafield>
</record>